@string{ jmlr = "Journal of Machine Learning Research (JMLR)" }
@string{ tit = "IEEE Transactions on Information Theory" }
@string{ tip = "IEEE Transactions on Image Processing (TIP)" }
@string{ tnn = "IEEE Transactions on Neural Networks" }
@string{ pami = "IEEE Transactions on Pattern Analysis and Machine Intelligence (TPAMI)" }
@string{ ijcv = "International Journal of Computer Vision (IJCV)" }
@string{ tcs = "Theoretical Computer Science" }
@string{ neuralcomp = "Neural Computation" }
@string{ mathprog = "Mathematical Programming" }
@string{ ai = "Artificial Intelligence" }
@string{ ml = "Machine Learning" }
@string{ cvpr = "IEEE Conference on Computer Vision and Pattern Recognition (CVPR)" }
@string{ cvprw = "IEEE Conference on Computer Vision and Pattern Recognition Workshop (CVPR-W)" }
@string{ nips = "Advances in Neural Information Processing Systems (NIPS)" }
@string{ neurips = "Advances in Neural Information Processing Systems (NeurIPS)" }
@string{ neuripssub = "Under Review at Advances in Neural Information Processing Systems (NeurIPS)" }
@string{ nipsw = "Advances in Neural Information Processing Systems Workshop (NIPS-W)" }
@string{ icml = "International Conference on Machine Learning (ICML)" }
@string{ icmlw = "International Conference on Machine Learning Workshop (ICML-W)" }
@string{ ecml = "European Conference on Machine Learning (ECML)" }
@string{ eccv = "European Conference on Computer Vision (ECCV)" }
@string{ eccvw = "European Conference on Computer Vision Workshop ({ECCV-W})" }
@string{ bmvc = "{British Machine Vision Conference (BMVC)}" }
@string{ aistats = "International Conference on Artificial Intelligence and Statistics (AISTATS)" }
@string{ iclr = "International Conference on Learning Representations (ICLR)" }
@string{ ijcai = "International Joint Conferences on Artificial Intelligence (IJCAI)" }
@string{ iclrw = "International Conference on Learning Representations Workshop (ICLR-W)" }
@string{ icip = "IEEE International Conference on Image Processing (ICIP)" }
@string{ iccv = "IEEE International Conference on Computer Vision (ICCV)" }
@string{ cviu = "Computer Vision and Image Understanding (CVIU)" }
@string{ tnnls = "IEEE Transactions on Neural Networks and Learning Systems (TNNLS)" }
@string{ aaai = "Conference on Artificial Intelligence (AAAI)" }
@string{ sigir = "Special Interest Group on Information Retrieval (SIGIR)" }
@string{ arxiv = "arXiv preprint libary" }
@string{ esann = "European Symposium on Artificial Neural Networks, Computational Intelligence and Machine Learning (ESANN)"}

@phdthesis{blothese,
  title={Study on training methods and generalization performance of deep learning for image classification},
  author={Michael Blot},
  year=2018,
  school={Sorbonne Université},
}

@book{GoodfellowDL,
    title={Deep Learning},
    author={Ian Goodfellow and Yoshua Bengio and Aaron Courville},
    publisher={MIT Press},
    year={2016}
}

@inproceedings{kawaguchi2016deep,
  title={Deep learning without poor local minima},
  author={Kawaguchi, Kenji},
  booktitle=nips,
  year={2016}
}

@article{zhang2019fixup,
  title={Fixup Initialization: Residual Learning Without Normalization},
  author={Zhang, Hongyi and Dauphin, Yann N and Ma, Tengyu},
  journal=iclr,
  year={2019}
}

@inproceedings{xie2017aggregated,
  title={Aggregated residual transformations for deep neural networks},
  author={Xie, Saining and Girshick, Ross and Doll{\'a}r, Piotr and Tu, Zhuowen and He, Kaiming},
  booktitle=cvpr,
  year={2017}
}

@inproceedings{oliver2018realistic,
  title={Realistic evaluation of deep semi-supervised learning algorithms},
  author={Oliver, Avital and Odena, Augustus and Raffel, Colin A and Cubuk, Ekin Dogus and Goodfellow, Ian},
  booktitle=neurips,
  year={2018}
}

@inproceedings {Robert2019,
  title = {DualDis: Dual-Branch Disentangling with Adversarial Learning},
  author = {Thomas Robert and Nicolas Thome and Matthieu Cord},
  booktitle = neuripssub,
  year = 2019
}

@article{kim2018disentangling,
  title={Disentangling by factorising},
  author={Kim, Hyunjik and Mnih, Andriy},
  journal=arxiv,
  year={2018}
}
@inproceedings{peng2017reconstruction,
  title={Reconstruction-based disentanglement for pose-invariant face recognition},
  author={Peng, Xi and Yu, Xiang and Sohn, Kihyuk and Metaxas, Dimitris N and Chandraker, Manmohan},
  booktitle=iccv,
    year={2017}
}

@incollection{Kulkarni2015,
title = {Deep Convolutional Inverse Graphics Network},
author = {Kulkarni, Tejas D and Whitney, William F. and Kohli, Pushmeet and Tenenbaum, Josh},
booktitle = nips,
editor = {C. Cortes and N. D. Lawrence and D. D. Lee and M. Sugiyama and R. Garnett},
year = {2015}
}

@inproceedings{lu2017expressive,
  title={The expressive power of neural networks: A view from the width},
  author={Lu, Zhou and Pu, Hongming and Wang, Feicheng and Hu, Zhiqiang and Wang, Liwei},
  booktitle=nips,
  year={2017}
}

@article{bengio2013representation,
  title={Representation learning: A review and new perspectives},
  author={Bengio, Yoshua and Courville, Aaron and Vincent, Pascal},
  journal=pami,
  year={2013}
}

@article { Makhzani2016,
	journal = iclr,
	year = {2016},
	title = {Adversarial Autoencoders},
	author = {Alireza Makhzani and Jonathon Shlens and Navdeep Jaitly and Ian Goodfellow}
}

@article { Liu2018,
	year = {2018},
	journal = cvpr,
	title = {{Multi-Task Adversarial Network for Disentangled Feature Learning}},
	author = {Liu, Yang and Wang, Zhaowen and Jin, Hailin and Wassell, Ian}
}

@inproceedings{ledig2017photo,
  title={Photo-realistic single image super-resolution using a generative adversarial network},
  author={Ledig, Christian and Theis, Lucas and Husz{\'a}r, Ferenc and Caballero, Jose and Cunningham, Andrew and Acosta, Alejandro and Aitken, Andrew and Tejani, Alykhan and Totz, Johannes and Wang, Zehan and others},
  booktitle=cvpr,
    year={2017}
}

%% DISENTANGLING WITH GENERATION

@article{szabo2017challenges,
  title={Challenges in disentangling independent factors of variation},
  author={Szab{\'o}, Attila and Hu, Qiyang and Portenier, Tiziano and Zwicker, Matthias and Favaro, Paolo},
  journal=arxiv,
  year={2017}
}

@inproceedings{Wang2017,
  author    = {Chaoyue Wang and Chaohui Wang and Chang Xu and Dacheng Tao},
  title     = {Tag Disentangled Generative Adversarial Network for Object Image Re-rendering},
  booktitle = ijcai,
  year      = {2017}
}

@inproceedings{kingma2018glow,
  title={Glow: Generative flow with invertible 1x1 convolutions},
  author={Diederik P Kingma and Dhariwal, Prafulla},
  booktitle=neurips,
  year={2018}
}

@article { Lample2017,
	year = {2017},
	journal = nips,
	title = {{Fader Networks:Manipulating Images by Sliding Attributes}},
	author = {Lample, Guillaume and Zeghidour, Neil and Usunier, Nicolas and Bordes, Antoine and Denoyer, Ludovic and Ranzato, Marc'Aurelio}
}


@article { Hadad2018,
	title = {{A Two-Step Disentanglement Method}},
	journal = cvpr,
	year = {2018},
	author = {Hadad, Naama and Wolf, Lior and Shahar, Moni}
}

@article{kodali2017convergence,
  title={On convergence and stability of gans},
  author={Kodali, Naveen and Abernethy, Jacob and Hays, James and Kira, Zsolt},
  journal=arxiv,
  year={2017}
}
@inproceedings{roth2017stabilizing,
  title={Stabilizing training of generative adversarial networks through regularization},
  author={Roth, Kevin and Lucchi, Aurelien and Nowozin, Sebastian and Hofmann, Thomas},
  booktitle=nips,
    year={2017}
}

@inproceedings{blau2018perception,
  title={The perception-distortion tradeoff},
  author={Blau, Yochai and Michaeli, Tomer},
  booktitle=cvpr,
    year={2018}
}

@article{higgins2018towards,
  title={Towards a Definition of Disentangled Representations},
  author={Higgins, Irina and Amos, David and Pfau, David and Racaniere, Sebastien and Matthey, Loic and Rezende, Danilo and Lerchner, Alexander},
  journal=arxiv,
  year={2018}
}

@article{Zhang2018,
author = {Zhang, Yexun and Zhang, Ya and Cai, Wenbin},
title = {Separating Style and Content for Generalized Style Transfer},
journal = cvpr,
year = {2018}
}

@article { Mathieu2016,
	year = {2016},
	journal = nips,
	title = {{Disentangling factors of variation in deep representation using adversarial training}},
	author = {Mathieu, Michael F and Zhao, Junbo Jake and Zhao, Junbo and Ramesh, Aditya and Sprechmann, Pablo and LeCun, Yann}
}


@inproceedings { Tran2017,
	year = { 2017 },
	booktitle = cvpr,
	title = {{ Disentangled Representation Learning GAN for Pose-Invariant Face Recognition }},
	author = { Luan Tran and Xi Yin and Xiaoming Liu }
}

@InProceedings{Bodla2018,
author = {Bodla, Navaneeth and Hua, Gang and Chellappa, Rama},
title = {Semi-supervised FusedGAN for Conditional Image Generation},
booktitle = eccv,
year = {2018}
}


@inproceedings{engel2018latent,
IDS={Engel2017},
title={Latent Constraints: Learning to Generate Conditionally from Unconditional Generative Models},
author={Jesse Engel and Matthew Hoffman and Adam Roberts},
booktitle=iclr,
year={2018}
}

@article { Brock2016,
	year = {2017},
	journal = iclr,
	title = {{Neural Photo Editing with Introspective Adversarial Networks}},
	author = {Andrew Brock and Theodore Lim and J. M. Ritchie and Nick Weston}
}

@article { Larsen2015,
	year = {2016},
	journal = icml,
	title = {Autoencoding beyond pixels using a learned similarity metric},
	author = {Anders Boesen Lindbo Larsen and Søren Kaae Sønderby and Hugo Larochelle and Ole Winther}
}

@inproceedings { Hu2018,
	year = {2018},
	booktitle = cvpr,
	title = {{Disentangling Factors of Variation by Mixing Them}},
	author = {Hu, Qiyang and Szabó, Attila and Portenier, Tiziano and Favaro, Paolo and Zwicker, Matthias}
}

@inproceedings { Liu2018a,
	year = {2018},
	booktitle = cvpr,
	title = {{Exploring Disentangled Feature Representation Beyond Face Identification}},
	author = {Liu, Yu and Wei, Fangyin and Shao, Jing and Sheng, Lu and Yan, Junjie and Wang, Xiaogang}
}


@inproceedings{Jaiswal2018,
title = {Unsupervised Adversarial Invariance},
author = {Jaiswal, Ayush and Wu, Rex Yue and Abd-Almageed, Wael and Natarajan, Prem},
booktitle = neurips,
year = {2018},
}


%% DISENTANGLING VAE

@inproceedings{higgins2017beta,
  title={beta-vae: Learning basic visual concepts with a constrained variational framework},
  author={Higgins, Irina and Matthey, Loic and Pal, Arka and Burgess, Christopher and Glorot, Xavier and Botvinick, Matthew and Mohamed, Shakir and Lerchner, Alexander},
  booktitle = iclr,
  year = 2017
}

@inproceedings{chen2018isolating,
  title={Isolating sources of disentanglement in variational autoencoders},
  author={Chen, Tian Qi and Li, Xuechen and Grosse, Roger B and Duvenaud, David K},
  booktitle=neurips,
  year={2018}
}

@inproceedings{Klys2018,
title = {Learning Latent Subspaces in Variational Autoencoders},
author = {Klys, Jack and Snell, Jake and Zemel, Richard},
booktitle = neurips,
year = {2018}
}

@inproceedings{dupont2018learning,
  title={Learning disentangled joint continuous and discrete representations},
  author={Dupont, Emilien},
  booktitle=neurips,
  year={2018}
}

@inproceedings{Feng2018,
title = {Dual Swap Disentangling},
author = {Feng, Zunlei and Wang, Xinchao and Ke, Chenglong and Zeng, An-Xiang and Tao, Dacheng and Song, Mingli},
booktitle = neurips,
year = {2018},
}


%% GENERATIVE MODELS

@article{perarnau2016invertible,
  title={Invertible conditional gans for image editing},
  author={Perarnau, Guim and Van De Weijer, Joost and Raducanu, Bogdan and {\'A}lvarez, Jose M},
  journal=nipsw,
  year={2016}
}

@article { Goodfellow2014,
IDS={NIPS2014_5423},
	year = {2014},
	journal = nips,
	title = {Generative Adversarial Nets},
	author = {Goodfellow, Ian and Pouget-Abadie, Jean and Mirza, Mehdi and Xu, Bing and Warde-Farley, David and Ozair, Sherjil and Courville, Aaron and Bengio, Yoshua}
}

@inproceedings{zhu2017unpaired,
  title={Unpaired image-to-image translation using cycle-consistent adversarial networks},
  author={Zhu, Jun-Yan and Park, Taesung and Isola, Phillip and Efros, Alexei A},
  booktitle=iccv,
  year={2017}
}

@article{karras2017progressive,
  title={Progressive growing of gans for improved quality, stability, and variation},
  author={Karras, Tero and Aila, Timo and Laine, Samuli and Lehtinen, Jaakko},
  journal=iclr,
  year={2017}
}

@inproceedings{wang2018high,
  title={High-resolution image synthesis and semantic manipulation with conditional gans},
  author={Wang, Ting-Chun and Liu, Ming-Yu and Zhu, Jun-Yan and Tao, Andrew and Kautz, Jan and Catanzaro, Bryan},
  booktitle=cvpr,
  year={2018}
}

@inproceedings{choi2018stargan,
  title={Stargan: Unified generative adversarial networks for multi-domain image-to-image translation},
  author={Choi, Yunjey and Choi, Minje and Kim, Munyoung and Ha, Jung-Woo and Kim, Sunghun and Choo, Jaegul},
  booktitle=cvpr,
  year={2018}
}

@article{karras2018style,
  title={A style-based generator architecture for generative adversarial networks},
  author={Karras, Tero and Laine, Samuli and Aila, Timo},
  journal=cvpr,
  year={2019}
}

@article{Tung2018,
  author    = {Hoang Thanh{-}Tung and
               Truyen Tran and
               Svetha Venkatesh},
  title     = {On catastrophic forgetting and mode collapse in Generative Adversarial
               Networks},
  journal   = icmlw,
  year      = {2018}
}

%% GAN WITH ENC / VAE


@article{louizos2016,
  IDS={DBLP:journals/corr/LouizosSLWZ15},
  title={The variational fair autoencoder},
  author={Louizos, Christos and Swersky, Kevin and Li, Yujia and Welling, Max and Zemel, Richard},
  journal=iclr,
  year={2016}
}

@article { Dumoulin2016,
	year = {2017},
	journal = iclr,
	title = {Adversarially Learned Inference},
	author = {Vincent Dumoulin and Ishmael Belghazi and Ben Poole and Alex Lamb and Martin Arjovsky and Olivier Mastropietro and Aaron Courville}
}

@article { Donahue2016,
	year = {2017},
	journal = iclr,
	title = {Adversarial Feature Learning},
	author = {Jeff Donahue and Philipp Krähenbühl and Trevor Darrell}
}

@article { Kingma2013,
  IDS={aevb},
	year = {2013},
	journal = iclr,
	title = {Auto-Encoding Variational Bayes},
	author = {Diederik P Kingma and Max Welling}
}

@article{rosca2017variational,
  title={Variational approaches for auto-encoding generative adversarial networks},
  author={Rosca, Mihaela and Lakshminarayanan, Balaji and Warde-Farley, David and Mohamed, Shakir},
  journal=arxiv,
  year={2017}
}

@article{bang2018mggan,
  title={Mggan: Solving mode collapse using manifold guided training},
  author={Bang, Duhyeon and Shim, Hyunjung},
  journal=arxiv,
  year={2018}
}



% HYBRIDNET

@inproceedings{le2018supervised,
  title={Supervised autoencoders: Improving generalization performance with unsupervised regularizers},
  author={Le, Lei and Patterson, Andrew and White, Martha},
  booktitle=neurips,
  year={2018}
}

@inproceedings{dosovitskiy2016generating,
  title={Generating images with perceptual similarity metrics based on deep networks},
  author={Dosovitskiy, Alexey and Brox, Thomas},
  booktitle=nips,
  year={2016}
}

@article{he2019attgan,
  title={Attgan: Facial attribute editing by only changing what you want},
  author={He, Zhenliang and Zuo, Wangmeng and Kan, Meina and Shan, Shiguang and Chen, Xilin},
  journal=tip,
  year={2019},
  publisher={IEEE}
}

@article{Robert2018,
  author    = {Thomas Robert and
               Nicolas Thome and
               Matthieu Cord},
  title     = {HybridNet: Classification and Reconstruction Cooperation for Semi-Supervised
               Learning},
  journal   = eccv,
  year      = {2018}
}

@article{ruiz2019learning,
  title={Learning Disentangled Representations with Reference-Based Variational Autoencoders},
  author={Ruiz, Adri{\`a} and Martinez, Oriol and Binefa, Xavier and Verbeek, Jakob},
  journal=arxiv,
  year={2019}
}

@inproceedings{kokkinos2017,
  title={Ubernet: Training a universal convolutional neural network for low-, mid-, and high-level vision using diverse datasets and limited memory},
  author={Kokkinos, Iasonas},
  booktitle=cvpr,
  year={2017}
}



@inproceedings{celeba,
 author = {Ziwei Liu and Ping Luo and Xiaogang Wang and Xiaoou Tang},
 title = {Deep Learning Face Attributes in the Wild},
 booktitle = iccv,
 year = {2015} 
}

 @Article{yale, 
  author =  "Georghiades, A.S. and Belhumeur, P.N. and Kriegman, D.J.", 
  title =   "From Few to Many: Illumination Cone Models for Face Recognition under 
               Variable Lighting and Pose", 
  journal = pami, 
  year =  2001, 
} 
  
@inproceedings{norb,
  title={Learning methods for generic object recognition with invariance to pose and lighting},
  author={LeCun, Yann and Huang, Fu Jie and Bottou, Leon and others},
  booktitle=cvpr,
    year={2004},
  organization={Citeseer}
}
  
 
 
@article{bourlard1988auto,
  title={Auto-association by multilayer perceptrons and singular value decomposition},
  author={Bourlard, Herv{\'e} and Kamp, Yves},
  journal={Biological cybernetics},
  year={1988},
  publisher={Springer}
}





@inproceedings { Sajjadi2016,
	year = {2016},
	booktitle = nips,
	title = {Regularization With Stochastic Transformations and Perturbations for Deep Semi-Supervised Learning},
	author = {Sajjadi, Mehdi and Javanmardi, Mehran and Tasdizen, Tolga}
}

@article{miyato2018virtual,
  title={Virtual adversarial training: a regularization method for supervised and semi-supervised learning},
  author={Miyato, Takeru and Maeda, Shin-ichi and Ishii, Shin and Koyama, Masanori},
  journal=pami,
  year={2018},
  publisher={IEEE}
}
@article{iscen2019label,
  title={Label Propagation for Deep Semi-supervised Learning},
  author={Iscen, Ahmet and Tolias, Giorgos and Avrithis, Yannis and Chum, Ondrej},
  journal=cvpr,
  year={2019}
}





@inproceedings{Blot2018,
title = {SHADE: Information-Based Regularization for Deep Learning},
author = {Michael Blot and Thomas Robert and Nicolas Thome and Matthieu Cord},
booktitle = icip,
year = {2018}
}

@ARTICLE{Blot2018full,
       author = {{Blot}, Michael and {Robert}, Thomas and {Thome}, Nicolas and
         {Cord}, Matthieu},
        title = "{SHADE: Information Based Regularization for Deep Learning - Extended version}",
      journal = arxiv,
         year = "2018"
}


@article{duchi2011adaptive,
  title={Adaptive subgradient methods for online learning and stochastic optimization},
  author={Duchi, John and Hazan, Elad and Singer, Yoram},
  journal=jmlr,
    year={2011}
}

@misc{hinton2012neural,
  title={Neural networks for machine learning lecture 6a overview of mini-batch gradient descent},
  author={Hinton, Geoffrey and Srivastava, Nitish and Swersky, Kevin},
  year          = {2012},
  publisher = {Lecture Notes}
}


@inproceedings {BiettiNIPS17,
	booktitle = nips,
	title = {{Group Invariance, Stability to Deformations, and Complexity of Deep Convolutional Representations}},
	year = {2017},
	author = {Bietti, Alberto and Mairal, Julien}
}
@inproceedings{Goh_NIPS13,
	title = {{Top-down regularization of deep belief networks}},
	author = {Hanlin Goh and Nicolas Thome and Matthieu Cord and Joo-Hwee Lim},
	booktitle = nips,
	year = {2013},
}
@inproceedings{NIPS2017_6816,
title = {The Reversible Residual Network: Backpropagation Without Storing Activations},
author = {Gomez, Aidan N and Ren, Mengye and Urtasun, Raquel and Grosse, Roger B},
booktitle = nips,
year = {2017},
}

@inproceedings { Dosovitskiy2014,
	year = {2014},
	booktitle = nips,
	title = {Discriminative Unsupervised Feature Learning with Exemplar Convolutional Neural Networks},
	author = {Alexey Dosovitskiy and Philipp Fischer and Jost Tobias Springenberg and Martin Riedmiller and Thomas Brox}
}

@inproceedings{Rasmus2015,
  title={Semi-supervised learning with ladder networks},
  author={Rasmus, Antti and Berglund, Mathias and Honkala, Mikko and Valpola, Harri and Raiko, Tapani},
  booktitle=nips,
  year={2015}
}

@inproceedings{Tarvainen2017,
IDS={tarvainen2017mean},
title = {Mean teachers are better role models: Weight-averaged consistency targets improve semi-supervised deep learning results},
author = {Tarvainen, Antti and Valpola, Harri},
booktitle = nips,
year = {2017},
}


@inproceedings{Pu2016,
title = {Variational Autoencoder for Deep Learning of Images, Labels and Captions},
author = {Pu, Yunchen and Gan, Zhe and Henao, Ricardo and Yuan, Xin and Li, Chunyuan and Stevens, Andrew and Carin, Lawrence},
booktitle = nips,
year = {2016},
}

@incollection{boureau2008sparse,
title = {Sparse Feature Learning for Deep Belief Networks},
author = {Marc'Aurelio Ranzato and Y-lan Boureau and Yann L. Cun},
booktitle = nips,
year = {2008},
}

@inproceedings{glorot2011deep,
  title={Deep sparse rectifier neural networks},
  author={Glorot, Xavier and Bordes, Antoine and Bengio, Yoshua},
  booktitle=aistats,
    year={2011}
}

@inproceedings{bengio2007greedy,
  title={Gree\-dy layer-wise training of deep networks},
  author={Bengio, Yoshua and Lamblin, Pascal and Popovici, Dan and Larochelle, Hugo},
booktitle = nips,
  year={2007}
}

@inproceedings{Ranzato2007,
author = {Ranzato, Marc'Aurelio and Poultney, Christopher and Chopra, Sumit and Lecun, Yann},
year = {2007},
title = {Efficient Learning of Sparse Representations with an Energy-Based Model},
booktitle = nips,
}

@inproceedings{dai2016r,
  title={{R-FCN}: Object detection via region-based fully convolutional networks},
  author={Dai, Jifeng and Li, Yi and He, Kaiming and Sun, Jian},
  booktitle = nips,
  year={2016}
}


@inproceedings{goodfellow2014explaining,
  title={Explaining and harnessing adversarial examples},
  author={Goodfellow, Ian and Shlens, Jonathon and Szegedy, Christian},
  booktitle = iclr,
  year={2015}
}

@inproceedings{miyato2015distributional,
  title={Distributional smoothing with virtual adversarial training},
  author={Miyato, Takeru and Maeda, Shin-ichi and Koyama, Masanori and Nakae, Ken and Ishii, Shin},
  booktitle = iclr,
  year={2016}
}


@inproceedings{Plaine2015,
  title={An analysis of unsupervised pre-training in light of recent advances},
  author={Le Paine, Tom and Khorrami, Pooya and Han, Wei and Huang, Thomas S},
  booktitle = iclrw,
  year={2015}
}

@inproceedings{dundar2015convolutional,
  title={Convolutional clustering for unsupervised learning},
  author={Dundar, Aysegul and Jin, Jonghoon and Culurciello, Eugenio},
  booktitle = iclrw,
  year={2016}
}

@techreport{plaut1986experiments,
  title={Experiments on Learning by Back Propagation.},
  author={Plaut, David C and others},
  year={1986},
  institution={CMU}
}

@inproceedings{jacobsen:hal-01712808,
  TITLE = {{i-RevNet: Deep Invertible Networks}},
  AUTHOR = {Jacobsen, J{\"o}rn-Henrik and Smeulders, Arnold and Oyallon, Edouard},
  booktitle = iclr,
  YEAR = {2018},
}
@inproceedings { Gastaldi2017,
  title={Shake-Shake regularization of 3-branch residual networks},
  author={Gastaldi, Xavier},
  year={2017},
  booktitle = iclrw,
}

@inproceedings{noh2017regularizing,
  title={Regularizing deep neural networks by noise: Its interpretation and optimization},
  author={Noh, Hyeonwoo and You, Tackgeun and Mun, Jonghwan and Han, Bohyung},
  booktitle=nips,
  year={2017}
}

@inproceedings{kang2016shakeout,
  title={Shakeout: A new regularized deep neural network training scheme},
  author={Kang, Guoliang and Li, Jun and Tao, Dacheng},
  booktitle=aaai,
  year={2016}
}


@inproceedings {Zhao2016a,
	booktitle = iclrw,
	title = {{Stacked What-Where Auto-encoders}},
	year = {2016},
	author = {Junbo Zhao and Michael Mathieu and Ross Goroshin and Yann LeCun}
}
@inproceedings {Laine2016,
	year = {2017},
	booktitle = iclr,
	title = {Temporal Ensembling for Semi-Supervised Learning},
	author = {Samuli Laine and Timo Aila}
}

@inproceedings { Springenberg2015,
	year = {2016},
	booktitle = iclr,
	title = {{Unsupervised and Semi-supervised Learning with Categorical Generative
  Adversarial Networks}},
	author = {Jost Tobias Springenberg}
}


@inproceedings { Larochelle2008,
	year = {2008},
	booktitle = icml,
	title = {Classification using discriminative restricted Boltzmann machines},
	author = {Larochelle, Hugo and Bengio, Yoshua}
}

@inproceedings { Ranzato2008,
	year = {2008},
	booktitle = icml,
	title = {Semi-supervised learning of compact document representations with deep networks},
	author = {Ranzato, Marc'Aurelio and Szummer, Martin}
}

@inproceedings{vincent2008extracting,
  title={Extracting and composing robust features with denoising autoencoders},
  author={Vincent, Pascal and Larochelle, Hugo and Bengio, Yoshua and Manzagol, Pierre-Antoine},
  booktitle = icml,
  year={2008}
}


@inproceedings {Zhang2016a,
	year = {2016},
	booktitle = icml,
	title = {Augmenting Supervised Neural Networks with Unsupervised Objectives for
  Large-scale Image Classification},
	author = {Yuting Zhang and Kibok Lee and Honglak Lee}
}



@article {Mallat2011,
author = {Mallat, Stephane},
title = {Group Invariant Scattering},
journal = {Communications on Pure and Applied Mathematics (CPAM)},
publisher = {Wiley Subscription Services, Inc., A Wiley Company},
year = {2012},
}

@article{bruna,
 author = {Bruna, Joan and Mallat, Stephane},
 title = {Invariant Scattering Convolution Networks},
 journal = pami,
 year = {2013},
} 



@inproceedings { Wojna2017,
	year = {2017},
	booktitle = bmvc,
	title = {The Devil is in the Decoder},
	author = {Zbigniew Wojna and Vittorio Ferrari and Sergio Guadarrama and Nathan Silberman and Liang-Chieh Chen and Alireza Fathi and Jasper Uijlings}
}

@inproceedings{zeiler2014visualizing,
  title={Visualizing and understanding convolutional networks},
  author={Zeiler, Matthew D and Fergus, Rob},
  booktitle=eccv,
  year={2014},
}


@InProceedings{Abbasnejad2017,
author = {Ehsan Abbasnejad, M. and Dick, Anthony and van den Hengel, Anton},
title = {Infinite Variational Autoencoder for Semi-Supervised Learning},
booktitle = cvpr,
year = {2017}
}

@inproceedings{Coates2011,
  title={An analysis of single-layer networks in unsupervised feature learning},
  author={Coates, Adam and Ng, Andrew and Lee, Honglak},
  booktitle=aistats,
  year={2011}
}

@inproceedings{yang2015deep,
  title={Deep Representation Learning with Target Coding.},
  author={Yang, Shuo and Luo, Ping and Loy, Chen Change and Shum, Kenneth W and Tang, Xiaoou and others},
  booktitle=aaai,
  year={2015}
}

@inproceedings{Oyallon2017,
  title={Scaling the scattering transform: Deep hybrid networks},
  author={Oyallon, Edouard and Belilovsky, Eugene and Zagoruyko, Sergey},
  year={2017},
  booktitle=iccv
}

@techreport { Zhu2005,
	year = {2005},
	institution = {Computer Sciences, University of Wisconsin-Madison},
	title = {Semi-Supervised Learning Literature Survey},
	author = {Xiaojin Zhu}
}

@article{erhan2010does,
  title={Why does unsupervised pre-training help deep learning?},
  author={Erhan, Dumitru and Bengio, Yoshua and Courville, Aaron and Manzagol, Pierre-Antoine and Vincent, Pascal and Bengio, Samy},
  journal=jmlr,
  year={2010}
}

@article{alain2014regularized,
  title={What regularized auto-encoders learn from the data-generating distribution},
  author={Alain, Guillaume and Bengio, Yoshua},
  journal=jmlr,
    year={2014}
}

@article{neelakantan2015adding,
  title={Adding gradient noise improves learning for very deep networks},
  author={Neelakantan, Arvind and Vilnis, Luke and Le, Quoc V and Sutskever, Ilya and Kaiser, Lukasz and Kurach, Karol and Martens, James},
  journal=iclr,
  year={2016}
}

@inproceedings{shu2017neural,
  title={Neural face editing with intrinsic image disentangling},
  author={Shu, Zhixin and Yumer, Ersin and Hadap, Sunil and Sunkavalli, Kalyan and Shechtman, Eli and Samaras, Dimitris},
  booktitle=cvpr,
  year={2017}
}

@InProceedings{Shu_2018_ECCV,
author = {Shu, Zhixin and Sahasrabudhe, Mihir and Alp Guler, Riza and Samaras, Dimitris and Paragios, Nikos and Kokkinos, Iasonas},
title = {Deforming Autoencoders: Unsupervised Disentangling of Shape and Appearance},
booktitle = eccv,
year = {2018}
}

@inproceedings{paumard2018jigsaw,
  title={Jigsaw Puzzle Solving Using Local Feature Co-Occurrences in Deep Neural Networks},
  author={Paumard, Marie-Morgane and Picard, David and Tabia, Hedi},
  booktitle=icip,
  year={2018}
}

@inproceedings{luo2016understanding,
  title={Understanding the effective receptive field in deep convolutional neural networks},
  author={Luo, Wenjie and Li, Yujia and Urtasun, Raquel and Zemel, Richard},
  booktitle=nips,
  year={2016}
}

@inproceedings{lucas2019adversarial,
  title={Adversarial training of partially invertible variational autoencoders},
  author={Lucas, Thomas and Shmelkov, Konstantin and Alahari, Karteek and Schmid, Cordelia and Verbeek, Jakob},
  year={2019},
  booktitle=arxiv
}

@article{luvizon2017human,
  title={Human pose regression by combining indirect part detection and contextual information},
  author={Luvizon, Diogo C and Tabia, Hedi and Picard, David},
  journal=arxiv,
  year={2017}
}

@INPROCEEDINGS{Ranzato2007b, 
author={Marc'Aurelio Ranzato and F. J. Huang and Y. L. Boureau and Y. LeCun}, 
booktitle=cvpr, 
title={Unsupervised Learning of Invariant Feature Hierarchies with Applications to Object Recognition}, 
year={2007}}

@incollection{Salimans2016,
title = {Improved Techniques for Training GANs},
author = {Salimans, Tim and Goodfellow, Ian and Zaremba, Wojciech and Cheung, Vicki and Radford, Alec and Chen, Xi and Chen, Xi},
booktitle = nips,
editor = {D. D. Lee and M. Sugiyama and U. V. Luxburg and I. Guyon and R. Garnett},
year = {2016},
publisher = {Curran Associates, Inc.},
}

@book{wavelets,
    author = {Mallat, Stephane and Peyr\'{e}, Gabriel},
    isbn = {9780123743701},
    publisher = {Academic Press},
    title = {{A wavelet tour of signal processing : the sparse way}},
    year = {2009}
}
@inproceedings {swe:spie95,
    author = {W. Sweldens},
    title = {The Lifting Scheme: A New Philosophy in Biorthogonal Wavelet Constructions},
    booktitle = {Wavelet Applications in Signal and Image Processing III},
    year = {1995},
   }
   
@inproceedings{TheriaultCVPR13,
  author    = {Christian Th\'{e}riault and
               Nicolas Thome and
               Matthieu Cord},
  title     = {{D}ynamic {S}cene {C}lassification: {L}earning {M}otion {D}escriptors
               with {S}low {F}eatures {A}nalysis},
  booktitle = cvpr,
  year      = {2013},
}

@book{hastie_09_elements-of.statistical-learning,
  author = {Hastie, Trevor and Tibshirani, Robert and Friedman, Jerome},
  publisher = {Springer},
  title = {{The Elements of Statistical Learning}},
  year = 2009
}



@inproceedings{redmon2016you,
  title={You only look once: Unified, real-time object detection},
  author={Redmon, Joseph and Divvala, Santosh and Girshick, Ross and Farhadi, Ali},
  booktitle=cvpr,
  year={2016}
}

@article{cifar10,
  IDS={cifar},
  title={Learning multiple layers of features from tiny images},
  author={Krizhevsky, Alex and Hinton, Geoffrey},
  year={2009},
  journal={Technical Report}
}


@article{dumoulin2016guide,
  title={A guide to convolution arithmetic for deep learning},
  author={Dumoulin, Vincent and Visin, Francesco},
  journal={Technical Report},
  year={2016}
}



@inproceedings{Durand_WILDCAT_CVPR_2017,
author = {Durand, Thibaut and Mordan, Taylor and Thome, Nicolas and Cord, Matthieu},
title = {{WILDCAT: Weakly Supervised Learning of Deep ConvNets for Image Classification, Pointwise Localization and Segmentation}},
booktitle = cvpr,
year = {2017}
}

@inproceedings{Mordan2017,
  TITLE = {{Deformable Part-based Fully Convolutional Network for Object Detection}},
  AUTHOR = {Mordan, Taylor and Thome, Nicolas and Cord, Matthieu and Henaff, Gilles},
  BOOKTITLE = bmvc,
  YEAR = {2017}
}

@article{benyounescadene2017mutan,
  IDS={ben2017mutan},
  author = {Hedi Ben-Younes and 
    R{\'{e}}mi Cad{\`{e}}ne and
    Nicolas Thome and
    Matthieu Cord},
  title = {MUTAN: Multimodal Tucker Fusion for Visual Question Answering},
  journal = iccv,
  year = {2017},
}

@article{Martin2018,
  author    = {Martin Engilberge and
               Louis Chevallier and
               Patrick P{\'{e}}rez and
               Matthieu Cord},
  title     = {Finding beans in burgers: Deep semantic-visual embedding with localization},
  journal   = cvpr,
  year      = {2018}
}

@article{Carvalho2018,
  author    = {Micael Carvalho and
               R{\'{e}}mi Cad{\`{e}}ne and
               David Picard and
               Laure Soulier and
               Nicolas Thome and
               Matthieu Cord},
  title     = {Cross-Modal Retrieval in the Cooking Context: Learning Semantic Text-Image
               Embeddings},
  journal   = sigir,
  year      = {2018},
}

@inproceedings{netzer2011reading,
  title={Reading digits in natural images with unsupervised feature learning},
  author={Netzer, Yuval and Wang, Tao and Coates, Adam and Bissacco, Alessandro and Wu, Bo and Ng, Andrew Y},
  booktitle=nipsw,
  year={2011}
}












% Add our references at the end of the bibtex file

@Article{imagenet,
title = {ImageNet Large Scale Visual Recognition Challenge},
author = {Olga Russakovsky and Jia Deng and Hao Su and Jonathan Krause and Sanjeev Satheesh and Sean Ma and Zhiheng Huang and Andrej Karpathy and Aditya Khosla and Michael Bernstein and Alexander C. Berg and Li Fei-Fei},
journal = ijcv,
year = {2015}
}

@inproceedings{coco,
title = {Microsoft COCO: Common Objects in Context},
author = {Tsung-Yi Lin and Michael Maire and Serge Belongie and Lubomir Bourdev and Ross Girshick and James Hays and Pietro Perona and Deva Ramanan and C. Lawrence Zitnick and Piotr Dollár},
booktitle = eccv,
year = {2015}
}

@article{rademacher,
  title={Rademacher and Gaussian complexities: Risk bounds and structural results},
  author={Bartlett, Peter L and Mendelson, Shahar},
  journal=jmlr,
  year={2002}
}

@article{dropout,
author  = {Nitish Srivastava and Geoffrey Hinton and Alex Krizhevsky and Ilya Sutskever and Ruslan Salakhutdinov},
title   = {Dropout: A Simple Way to Prevent Neural Networks from Overfitting},
journal = jmlr,
year    = {2014},
}

@inproceedings{durand2019learning,
  title={Learning a Deep ConvNet for Multi-label Classification with Partial Labels},
  author={Durand, Thibaut and Mehrasa, Nazanin and Mori, Greg},
  booktitle=cvpr,
  year={2019}
}

@inproceedings{zhu2018sparsely,
  title={Sparsely aggregated convolutional networks},
  author={Zhu, Ligeng and Deng, Ruizhi and Maire, Michael and Deng, Zhiwei and Mori, Greg and Tan, Ping},
  booktitle=eccv,
  year={2018}
}

@article{yeung2018every,
  title={Every moment counts: Dense detailed labeling of actions in complex videos},
  author={Yeung, Serena and Russakovsky, Olga and Jin, Ning and Andriluka, Mykhaylo and Mori, Greg and Fei-Fei, Li},
  journal=ijcv,
  year={2018},
  publisher={Springer}
}

@article{ben2010theory,
  title={A theory of learning from different domains},
  author={Ben-David, Shai and Blitzer, John and Crammer, Koby and Kulesza, Alex and Pereira, Fernando and Vaughan, Jennifer Wortman},
  journal={Machine learning},
  year={2010}
}

@article{grandvalet1997noise,
  title={Noise injection: Theoretical prospects},
  author={Grandvalet, Yves and Canu, Stéphane and Boucheron, Stéphane},
  journal=neuralcomp,
  year={1997}
}

@article{loosli2007training,
  title={Training invariant support vector machines using selective sampling},
  author={Loosli, Gaëlle and Canu, Stéphane and Bottou, Léon},
  journal={Large Scale Kernel Machines},
  year={2007}
}

@inproceedings{seck2019,
  title={L1-norm double backpropagation adversarial defense},
  author={Seck, Ismaïla and Loosli, Gaëlle and Canu, Stephane},
  booktitle=esann,
  year={2019}
}

@inproceedings{weightdecay,
title = {A Simple Weight Decay Can Improve Generalization},
author = {Anders Krogh and John A. Hertz},
booktitle = nips,
year = {1992}
}

@Article{batchnorm,
title = {Batch Normalization: Accelerating Deep Network Training by Reducing Internal Covariate Shift},
author = {Sergey Ioffe and Christian Szegedy},
journal = jmlr,
year = {2016}
}

@Article{nakamura,
title = {Neocognitron: A self-organizing neural network for a mechanism of pattern recognition unaffected by shift in position},
author = {K. Fukushima},
journal = {Biological Cybernetics},
year = {1980}
}

@Article{lecun,
title = {Gradient based learning applied to document recognition},
author = {Yann LeCun and Leon Bottou and Yoshua Bengio and P. Haffner},
journal = {Proceedings of the IEEE},
year = {1998}
}

@article{rumelhart1988learning,
  title={Learning representations by back-propagating errors},
  author={Rumelhart, David E and Hinton, Geoffrey and Williams, Ronald J and others},
  journal={Cognitive modeling},
    year={1988}
}

@inproceedings{chang2019all,
  title={All about Structure: Adapting Structural Information across Domains for Boosting Semantic Segmentation},
  author={Chang, Wei-Lun and Wang, Hui-Po and Peng, Wen-Hsiao and Chiu, Wei-Chen},
  booktitle=cvpr,
  year={2019}
}

@article{lecun1989backpropagation,
  title={Backpropagation applied to handwritten zip code recognition},
  author={LeCun, Yann and Boser, Bernhard and Denker, John S and Henderson, Donnie and Howard, Richard E and Hubbard, Wayne and Jackel, Lawrence D},
  journal={Neural computation},

    year={1989},
  publisher={MIT Press}
}

@inproceedings{resnet,
IDS={he2016deep},
title = {Deep Residual Learning for Image Recognition},
author = {Kaiming He and Xiangyu Zhang and Shaoqing Ren and Jian Sun},
booktitle = cvpr,
year = {2016}
}

@article{brock2018large,
  title={Large scale gan training for high fidelity natural image synthesis},
  author={Brock, Andrew and Donahue, Jeff and Simonyan, Karen},
  journal=iclr,
  year={2019}
}

@inproceedings{ren2015faster,
  title={{Faster R-CNN}: Towards real-time object detection with region proposal networks},
  author={Ren, Shaoqing and He, Kaiming and Girshick, Ross and Sun, Jian},
  booktitle=nips,
    year={2015}
}

@article{chen2017deeplab,
  IDS={deeplab},
  title={Deeplab: Semantic image segmentation with deep convolutional nets, atrous convolution, and fully connected crfs},
  author={Chen, Liang-Chieh and Papandreou, George and Kokkinos, Iasonas and Murphy, Kevin and Yuille, Alan L},
  journal=pami,
    year={2017},
  publisher={IEEE}
}

@article{Achille2016,
   author = {Achille, A. and Soatto, S.},
    title = {Information Dropout: learning optimal representations through noisy computation},
  journal = arxiv,
     year = {2016}
}

@inproceedings{Pereyra2017,
  author    = {Gabriel Pereyra and
               George Tucker and
               Jan Chorowski and
               Lukasz Kaiser and
               Geoffrey Hinton},
  title     = {Regularizing Neural Networks by Penalizing Confident Output Distributions},
  booktitle   = iclrw,
  year      = {2017},
}

@article{simonyan2015very,
  title={Very deep convolutional networks for large-scale image recognition},
  author={Simonyan, Karen and Zisserman, Andrew},
  journal=iclr,
  year={2015}
}

@inproceedings{alexnet,
IDS={krizhevsky2012imagenet},
title={Imagenet classification with deep convolutional neural networks},
  author={Krizhevsky, Alex and Sutskever, Ilya and Hinton, Geoffrey},
  booktitle = nips,
  year={2012}
}

@Article{rethinking,
title = {Understanding deep learning requires rethinking generalization},
author = {Chiyuan Zhang and Samy Bengio and Moritz Hardt and Benjamin Recht and Oriol Vinyals},
journal = iclr,
year = {2017}
}

@Article{element,
    title = {Elements of information theory},
    author = {T. Cover and J. Thomas},
    journal = {Wiley New York},
    year = {1991}
 }
 
@inproceedings{cohen2016group,
  title={Group equivariant convolutional networks},
  author={Cohen, Taco and Welling, Max},
  booktitle=icml,
  year={2016}
}

@inproceedings{mehr2018,
  title={Manifold Learning in Quotient Spaces},
  author={Éloi Mehr and André Lieutier and Fernando Sanchez Bermudez and Vincent Guitteny and Nicolas Thome and Matthieu Cord},
  journal=cvpr,
  year=2018
}

@article{dieleman2015rotation,
  title={Rotation-invariant convolutional neural networks for galaxy morphology prediction},
  author={Dieleman, Sander and Willett, Kyle W and Dambre, Joni},
  journal={Monthly notices of the royal astronomical society},
  year={2015},
  publisher={Oxford University Press}
}

@article{li2016whiteout,
  title={{Whiteout: Gaussian Adaptive Noise Regularization in FeedForward Neural Networks}},
  author={Li, Yinan and Liu, Fang},
  journal=arxiv,
  year={2016}
}

@Article{IB,
title = {The information bottleneck method},
author = {Naftali Tishby and F. C. Pereira and W. Bialek},
journal = {Annual Allerton Conference on Communication, Control and Computing},
year = {1999}
}

@Article{IBbound,
title = {Learning and generalization with the information bottleneck},
author = {O. Shamir and S. Sabato and Naftali Tishby},
journal = {Theoretical Computer Science},
year = {2010}
}

@incollection{IBaccuracy,
  title={An information theoretic tradeoff between complexity and accuracy},
  author={Gilad-Bachrach, Ran and Navot, Amir and Tishby, Naftali},
  booktitle={Learning Theory and Kernel Machines},
  year={2003},
  publisher={Springer}
}

@inproceedings{IBdeep,
  title={Deep learning and the information bottleneck principle},
  author={Tishby, Naftali and Zaslavsky, Noga},
  booktitle={Information Theory Workshop (ITW)},
  year={2015},
  organization={IEEE}
}

@inproceedings{IBvariational,
title = {Deep Variational Information Bottleneck},
author = {Alexander Alemi and Ian Fischer and Joshua V. Dillon and Kevin Murphy},
booktitle = iclr,
year = {2017}
}

@inproceedings { Salakhutdinov2007,
	year = {2007},
	booktitle = aistats,
	title = {Learning a Nonlinear Embedding by Preserving Class Neighbourhood Structure.},
	author = {Salakhutdinov, Ruslan and Hinton, Geoffrey}
}

@inproceedings { Weston2008,
	year = {2008},
	booktitle = icml,
	title = {Deep Learning via Semi-supervised Embedding},
	author = {Weston, Jason and Ratle, Fr{\'e}d{\'e}ric and Collobert, Ronan}
}

@inproceedings { Pitelis2014,
	year = {2014},
	booktitle = ecml,
	title = {Semi-supervised learning using an unsupervised atlas},
	author = {Pitelis, Nikolaos and Russell, Chris and Agapito, Lourdes}
}
@incollection { Rifai2011,
	publisher = {Curran Associates, Inc.},
	year = {2011},
	editor = {J. Shawe-Taylor and R. S. Zemel and P. L. Bartlett and F. Pereira and K. Q. Weinberger},
	booktitle = nips,
	title = {The Manifold Tangent Classifier},
	author = {Salah Rifai and Dauphin, Yann N and Vincent, Pascal and Bengio, Yoshua and Xavier Muller}
}

@article{nwankpa2018activation,
  title={Activation functions: Comparison of trends in practice and research for deep learning},
  author={Nwankpa, Chigozie and Ijomah, Winifred and Gachagan, Anthony and Marshall, Stephen},
  journal=arxiv,
  year={2018}
}

@article{cheung2014discovering,
  title={Discovering hidden factors of variation in deep networks},
  author={Cheung, Brian and Livezey, Jesse A and Bansal, Arjun K and Olshausen, Bruno A},
  journal=icmlw,
  year={2015}
}

@inproceedings { Lee2013,
  IDS={lee2013pseudo},
	booktitle = icmlw,
	year = {2013},
	title = {Pseudo-label: The simple and efficient semi-supervised learning method for deep neural networks},
	author = {Lee, Dong-Hyun}
}
@inproceedings{Kingma2014,
  IDS={kingma2014semi},
  title={Semi-supervised learning with deep generative models},
  author={Kingma, Diederik P and Mohamed, Shakir and Rezende, Danilo Jimenez and Welling, Max},
  booktitle=nips,
  year={2014}
}
@inproceedings{Zeiler2010,
  title={Deconvolutional networks},
  author={Zeiler, Matthew D and Krishnan, Dilip and Taylor, Graham W and Fergus, Rob},
  booktitle=cvpr,
  year={2010},
  organization={IEEE}
}
@inproceedings { Bousmalis2016a,
	year = {2016},
	booktitle = nips,
	title = {Domain separation networks},
	author = {Bousmalis, Konstantinos and Trigeorgis, George and Silberman, Nathan and Krishnan, Dilip and Erhan, Dumitru}
}
@article{Ganin2015,
  author  = {Yaroslav Ganin and Evgeniya Ustinova and Hana Ajakan and Pascal Germain and Hugo Larochelle and Fran\c{c}ois Laviolette and Mario Marchand and Victor Lempitsky},
  title   = {Domain-Adversarial Training of Neural Networks},
  journal = jmlr,
  year    = {2016},
}

@inproceedings { infogan,
	year = {2016},
	booktitle = nips,
	title = {InfoGAN: Interpretable Representation Learning by Information Maximizing
  Generative Adversarial Nets},
	author = {Xi Chen and Yan Duan and Rein Houthooft and John Schulman and Ilya Sutskever and Pieter Abbeel}
}

@incollection{sgd,
  title={Large-scale machine learning with stochastic gradient descent},
  author={Bottou, L{\'e}on},
  booktitle={COMPSTAT},
  year={2010},
  publisher={Springer}
}

@inproceedings { bayes,
	year = {2017},
	booktitle = icml,
	title = {Dropout as a Bayesian Approximation: Representing Model Uncertainty in Deep Learning},
	author = {Yarin Gal and Zoubin Ghahramani}
}

@incollection{vcdim,
  title={On the uniform convergence of relative frequencies of events to their probabilities},
  author={Vapnik, Vladimir and Chervonenkis, A Ya},
  booktitle={Measures of Complexity},
  year={1972},
  publisher={Springer}
}

@inproceedings{vapnik1992principles,
  title={Principles of risk minimization for learning theory},
  author={Vapnik, Vladimir},
  booktitle=nips,
    year={1992}
}

@article{mcculloch1943logical,
  title={A logical calculus of the ideas immanent in nervous activity},
  author={McCulloch, Warren S and Pitts, Walter},
  journal={The bulletin of mathematical biophysics},
    year={1943},
  publisher={Springer}
}
@article{hubel1962receptive,
  title={Receptive fields, binocular interaction and functional architecture in the cat's visual cortex},
  author={Hubel, David H and Wiesel, Torsten N},
  journal={The Journal of physiology},
    year={1962},
  publisher={Wiley Online Library}
}

@article{olah2017feature,
  author = {Olah, Chris and Mordvintsev, Alexander and Schubert, Ludwig},
  title = {Feature Visualization},
  journal = {Distill},
  year = {2017}
}


@article{dataaugmentation,
 author = {David A. van Dyk and Xiao-Li Meng},
 journal = {Journal of Computational and Graphical Statistics},
 publisher = {American Statistical Association, Taylor & Francis, Ltd., Institute of Mathematical Statistics, Interface Foundation of America},
 title = {The Art of Data Augmentation},
 year={2001}
}

@inproceedings { Denton2017,
	year = {2017},
	booktitle = iclr,
  title={Semi-Supervised Learning with Context-Conditional Generative Adversarial Networks},
  author={Denton, Emily and Gross, Sam and Fergus, Rob},
}

@book{Chapelle2006,
    title={Semi-supervised Learning},
    author={Chapelle, O. and Sch{\"o}lkopf, B. and Zien, A.},
    isbn={9780262033589},
    lccn={2011288034},
    series={Adaptive computation and machine learning},
    year={2006},
    publisher={MIT Press}
}

@inproceedings{adam,
  title={Adam: A method for stochastic optimization},
  author={Kingma, Diederik P and Ba, Jimmy},
  booktitle=iclr,
  year={2015}
}

@book{pac,
 author = {Valiant, Leslie},
 title = {Probably Approximately Correct: Nature's Algorithms for Learning and Prospering in a Complex World},
 year = {2013},
 isbn = {0465032710, 9780465032716},
 publisher = {Basic Books, Inc.},
 address = {New York, NY, USA},
} 

@article{mdl,
 author = {J. Rissanen},
 journal = {Automatica},
 title = {Modeling by shortest data description},
 year={1978}
}


@inproceedings{shi2018transductive,
  title={Transductive semi-supervised deep learning using min-max features},
  author={Shi, Weiwei and Gong, Yihong and Ding, Chris and MaXiaoyu Tao, Zhiheng and Zheng, Nanning},
  booktitle={Proceedings of the European Conference on Computer Vision (ECCV)},
  year={2018}
}

@inproceedings{grandvalet2005semi,
  title={Semi-supervised learning by entropy minimization},
  author={Grandvalet, Yves and Bengio, Yoshua},
  booktitle={Advances in neural information processing systems},
  year={2005}
}

@techreport{zhu2002learning,
  title={Learning from labeled and unlabeled data with label propagation},
  author={Zhu, Xiaojin and Ghahramani, Zoubin},
  year={2002},
  institution={CMU}
}

@inproceedings{blum1998combining,
  title={Combining labeled and unlabeled data with co-training},
  author={Blum, Avrim and Mitchell, Tom},
  booktitle={Annual Conference on Computational Learning Theory},
  year={1998}
}

@article{HintonSalakhutdinov2006b,
  IDS={hinton2006reducing},
  author = {Hinton, Geoffrey and Salakhutdinov, R R},
  journal = {Science},
  title = {Reducing the dimensionality of data with neural networks},
  year = 2006
}

@inproceedings { Maaloe2016,
	year = {2016},
	booktitle = icml,
	title = {{Auxiliary Deep Generative Models}},
	author = {Maal{\o}e, Lars and S{\o}nderby, Casper Kaae and S{\o}nderby, S{\o}ren Kaae and Winther, Ole}
}

@article{Nielsen2016,
  author    = {Frank Nielsen and
               Richard Nock},
  title     = {A series of maximum entropy upper bounds of the differential entropy},
  journal   = arxiv,
  year      = {2016}
}

@article{entropyestimation,
  author    = {Liam Paninski},
  title     = {Estimation of Entropy and Mutual Information},
  journal   = {Neural Computation},
  year      = {2003}
}

@article{mallat1989theory,
  title={A theory for multiresolution signal decomposition: the wavelet representation},
  author={Mallat, Stephane},
  journal=pami,
    year={1989},
  publisher={IEEE}
}


@inproceedings{weldone,
author = {Durand, Thibaut and Thome, Nicolas and Cord, Matthieu},
title = {{WELDON: Weakly Supervised Learning of Deep Convolutional Neural Networks}},
booktitle = cvpr,
year = {2016}
}


@inproceedings{deepfool,
author = {Seyed-Mohsen Moosavi-Dezfooli and Alhussein Fawzi and Pascal Frossard},
title = {DeepFool: a simple and accurate method to fool deep neural networks},
booktitle = cvpr,
year = {2016}
}


@inproceedings{wideresnet,
author = {Sergey Zagoruyko and Nikos Komodakis},
title = {Wide Residual Networks},
booktitle = arxiv,
year = {2016}
}


@inproceedings{ganin2015unsupervised,
  title={Unsupervised Domain Adaptation by Backpropagation},
  author={Ganin, Yaroslav and Lempitsky, Victor},
  booktitle=icml,
    year={2015}
}


@article{an1996effects,
  title={The effects of adding noise during backpropagation training on a generalization performance},
  author={An, Guozhong},
  journal={Neural computation},
    year={1996},
  publisher={MIT Press}
}

@article{cirecsan2012multi,
  title={Multi-column deep neural networks for image classification},
  author={Cire{\c{s}}an, Dan and Meier, Ueli and Schmidhuber, J{\"u}rgen},
  journal=cvpr,
  year={2012}
}
@inproceedings{simard2003best,
  title={Best practices for convolutional neural networks applied to visual document analysis.},
  author={Simard, Patrice Y and Steinkraus, David and Platt, John C and others},
  booktitle={Icdar},
  year={2003}
}

@article{devries2017dataset,
  title={Dataset augmentation in feature space},
  author={DeVries, Terrance and Taylor, Graham W},
  journal=iclrw,
  year={2017}
}

@inproceedings{szegedy2015going,
  title={Going deeper with convolutions},
  author={Szegedy, Christian and Liu, Wei and Jia, Yangqing and Sermanet, Pierre and Reed, Scott and Anguelov, Dragomir and Erhan, Dumitru and Vanhoucke, Vincent and Rabinovich, Andrew},
  booktitle=cvpr,
    year={2015}
}

@online{vggtibo,
  author = {Thibaut Durand},
  title = {Deep Architectures in LaTeX},
  url = {https://github.com/durandtibo/deep_archi_latex},
  year = 2017
}

@online{zephoria,
  author = {Dan Noyes},
  title = {The Top 20 Valuable Facebook Statistics},
  url = {https://zephoria.com/top-15-valuable-facebook-statistics/},
  year = {2019}
}

@online{tubefilter,
  author = {James Loke Hale},
  title = {More Than 500 Hours Of Content Are Now Being Uploaded To YouTube Every Minute},
  url = {https://www.tubefilter.com/2019/05/07/number-hours-video-uploaded-to-youtube-per-minute/},
  year = 2019
}

@online{googleblog,
  author = {Alexander Alemi},
  title = {Improving Inception and Image Classification in TensorFlow},
  year = 2016,
  url = {https://ai.googleblog.com/2016/08/improving-inception-and-image.html}
}

@inproceedings{szegedy2016rethinking,
  title={Rethinking the inception architecture for computer vision},
  author={Szegedy, Christian and Vanhoucke, Vincent and Ioffe, Sergey and Shlens, Jon and Wojna, Zbigniew},
  booktitle=cvpr,
    year={2016}
}

@article{wang1999training,
  title={Training neural networks with additive noise in the desired signal},
  author={Wang, Chuan and Principe, Jose C},
  journal={IEEE Transactions on Neural Networks},
    year={1999},
  publisher={IEEE}
}

@inproceedings{turian2010word,
  title={Word representations: a simple and general method for semi-supervised learning},
  author={Turian, Joseph and Ratinov, Lev and Bengio, Yoshua},
  booktitle={Proceedings of the 48th annual meeting of the association for computational linguistics},
    year={2010},
  organization={Association for Computational Linguistics}
}

@article{kukavcka2017regularization,
  title={Regularization for deep learning: A taxonomy},
  author={Kuka{\v{c}}ka, Jan and Golkov, Vladimir and Cremers, Daniel},
  journal=arxiv,
  year={2017}
}

@InProceedings{dropconnect,
  title = 	 {Regularization of Neural Networks using DropConnect},
  author = 	 {Li Wan and Matthew Zeiler and Sixin Zhang and Yann Le Cun and Rob Fergus},
  booktitle = 	icml,
  year = 	 {2013}
}

@inproceedings{ghiasi2018dropblock,
  title={DropBlock: A regularization method for convolutional networks},
  author={Ghiasi, Golnaz and Lin, Tsung-Yi and Le, Quoc V},
  booktitle=neurips,
    year={2018}
}

@inproceedings{santurkar2018does,
  title={How does batch normalization help optimization?},
  author={Santurkar, Shibani and Tsipras, Dimitris and Ilyas, Andrew and Madry, Aleksander},
  booktitle=neurips,
    year={2018}
}

@inproceedings{wu2018group,
  title={Group normalization},
  author={Wu, Yuxin and He, Kaiming},
  booktitle=eccv,
    year={2018}
}

@article{lei2016layer,
  title={Layer normalization},
  author={Lei Ba, Jimmy and Kiros, Jamie Ryan and Hinton, Geoffrey},
  journal=arxiv,
  year={2016}
}

@article{ulyanov2016instance,
  title={Instance normalization: The missing ingredient for fast stylization},
  author={Ulyanov, Dmitry and Vedaldi, Andrea and Lempitsky, Victor},
  journal=arxiv,
  year={2016}
}

@inproceedings{rifai2011contractive,
  title={Contractive auto-encoders: Explicit invariance during feature extraction},
  author={Rifai, Salah and Vincent, Pascal and Muller, Xavier and Glorot, Xavier and Bengio, Yoshua},
  booktitle=icml,
    year={2011},
  organization={Omnipress}
}

@article{sokolic2017robust,
  title={Robust large margin deep neural networks},
  author={Sokoli{\'c}, Jure and Giryes, Raja and Sapiro, Guillermo and Rodrigues, Miguel RD},
  journal={IEEE Transactions on Signal Processing},
    year={2017},
  publisher={IEEE}
}
